<record><leader>00000cas a2200000 a 4500</leader><controlfield tag="001">41901089</controlfield><controlfield tag="008">990719c199u9999fluwr ne      0    0spa c</controlfield><datafield ind1=" " ind2=" " tag="010"><subfield code="a">sn 99026923 </subfield></datafield><datafield ind1=" " ind2=" " tag="040"><subfield code="a">FBR</subfield><subfield code="b">eng</subfield><subfield code="c">FBR</subfield><subfield code="d">FUG</subfield><subfield code="d">NYS</subfield><subfield code="d">OCLCQ</subfield><subfield code="d">OCLCF</subfield><subfield code="d">OCLCO</subfield><subfield code="d">OCLCQ</subfield></datafield><datafield ind1=" " ind2=" " tag="037"><subfield code="b">1975 E. Sunrise Blvd., #616, Ft. Lauderdale, FL 33304</subfield></datafield><datafield ind1="0" ind2=" " tag="041"><subfield code="a">spa</subfield><subfield code="a">eng</subfield></datafield><datafield ind1=" " ind2=" " tag="042"><subfield code="a">pcc</subfield></datafield><datafield ind1=" " ind2=" " tag="043"><subfield code="a">n-us-fl</subfield></datafield><datafield ind1="0" ind2=" " tag="130"><subfield code="a">Heraldo (Fort Lauderdale, Fla.)</subfield></datafield><datafield ind1="1" ind2="3" tag="245"><subfield code="a">El heraldo.</subfield></datafield><datafield ind1="3" ind2="0" tag="246"><subfield code="a">Heraldo de Broward</subfield></datafield><datafield ind1="3" ind2="0" tag="246"><subfield code="a">Heraldo de Broward y Palm Beach</subfield></datafield><datafield ind1=" " ind2=" " tag="260"><subfield code="a">Ft. Lauderdale, Fla. :</subfield><subfield code="b">Erwin M. Va&#769;squez</subfield></datafield><datafield ind1=" " ind2=" " tag="300"><subfield code="a">volumes :</subfield><subfield code="b">illustrations (some color) ;</subfield><subfield code="c">42 cm</subfield></datafield><datafield ind1=" " ind2=" " tag="310"><subfield code="a">Weekly</subfield></datafield><datafield ind1=" " ind2=" " tag="336"><subfield code="a">text</subfield><subfield code="b">txt</subfield><subfield code="2">rdacontent</subfield></datafield><datafield ind1=" " ind2=" " tag="337"><subfield code="a">unmediated</subfield><subfield code="b">n</subfield><subfield code="2">rdamedia</subfield></datafield><datafield ind1=" " ind2=" " tag="338"><subfield code="a">volume</subfield><subfield code="b">nc</subfield><subfield code="2">rdacarrier</subfield></datafield><datafield ind1=" " ind2=" " tag="500"><subfield code="a">"Pionero de la prensa hispana."</subfield></datafield><datafield ind1=" " ind2=" " tag="500"><subfield code="a">"Sirvendo a los condados Broward, Dade y Palm Beach desde 1974."</subfield></datafield><datafield ind1=" " ind2=" " tag="546"><subfield code="a">In Spanish and English, &lt;Nov. 1993-Oct. 2000&gt;.</subfield></datafield><datafield ind1=" " ind2=" " tag="588"><subfield code="a">Description based on: An&#771;o 20, no. 22 (14 de jun. de 1993).</subfield></datafield><datafield ind1=" " ind2=" " tag="588"><subfield code="a">Latest issue consulted: An&#771;o 26, no. 379 (2 de oct. 2000).</subfield></datafield><datafield ind1=" " ind2="0" tag="650"><subfield code="a">Cubans</subfield><subfield code="z">Florida</subfield><subfield code="v">Newspapers.</subfield></datafield><datafield ind1=" " ind2="0" tag="650"><subfield code="a">Hispanic Americans</subfield><subfield code="z">Florida</subfield><subfield code="v">Newspapers.</subfield></datafield><datafield ind1=" " ind2="0" tag="650"><subfield code="a">Latin Americans</subfield><subfield code="z">Florida</subfield><subfield code="v">Newspapers.</subfield></datafield><datafield ind1=" " ind2="0" tag="651"><subfield code="a">Broward County (Fla.)</subfield><subfield code="v">Newspapers.</subfield></datafield><datafield ind1=" " ind2="0" tag="651"><subfield code="a">Miami-Dade County (Fla.)</subfield><subfield code="v">Newspapers.</subfield></datafield><datafield ind1=" " ind2="0" tag="651"><subfield code="a">Palm Beach County (Fla.)</subfield><subfield code="v">Newspapers.</subfield></datafield><datafield ind1=" " ind2="7" tag="650"><subfield code="a">Cubans.</subfield><subfield code="2">fast</subfield><subfield code="0">(OCoLC)fst00884834</subfield></datafield><datafield ind1=" " ind2="7" tag="650"><subfield code="a">Hispanic Americans.</subfield><subfield code="2">fast</subfield><subfield code="0">(OCoLC)fst00957523</subfield></datafield><datafield ind1=" " ind2="7" tag="650"><subfield code="a">Latin Americans.</subfield><subfield code="2">fast</subfield><subfield code="0">(OCoLC)fst00993069</subfield></datafield><datafield ind1=" " ind2="7" tag="651"><subfield code="a">Florida.</subfield><subfield code="2">fast</subfield><subfield code="0">(OCoLC)fst01205150</subfield></datafield><datafield ind1=" " ind2="7" tag="651"><subfield code="a">Florida</subfield><subfield code="z">Broward County.</subfield><subfield code="2">fast</subfield><subfield code="0">(OCoLC)fst01202766</subfield></datafield><datafield ind1=" " ind2="7" tag="651"><subfield code="a">Florida</subfield><subfield code="z">Miami-Dade County.</subfield><subfield code="2">fast</subfield><subfield code="0">(OCoLC)fst01287298</subfield></datafield><datafield ind1=" " ind2="7" tag="651"><subfield code="a">Florida</subfield><subfield code="z">Palm Beach County.</subfield><subfield code="2">fast</subfield><subfield code="0">(OCoLC)fst01205639</subfield></datafield><datafield ind1=" " ind2="7" tag="655"><subfield code="a">Newspapers.</subfield><subfield code="2">fast</subfield><subfield code="0">(OCoLC)fst01423814</subfield></datafield><datafield ind1="1" ind2=" " tag="700"><subfield code="a">Va&#769;squez, Erwin M.</subfield></datafield><datafield ind1=" " ind2=" " tag="752"><subfield code="a">United States</subfield><subfield code="b">Florida</subfield><subfield code="c">Broward</subfield><subfield code="d">Fort Lauderdale.</subfield></datafield><datafield ind1=" " ind2=" " tag="752"><subfield code="a">United States</subfield><subfield code="b">Florida</subfield><subfield code="c">Dade.</subfield></datafield><datafield ind1=" " ind2=" " tag="752"><subfield code="a">United States</subfield><subfield code="b">Florida</subfield><subfield code="c">Palm Beach.</subfield></datafield><datafield ind1="0" ind2="0" tag="780"><subfield code="t">Heraldo de Broward</subfield><subfield code="w">(DLC)sn 99026922</subfield><subfield code="w">(OCoLC)42413156</subfield></datafield><datafield ind1="4" ind2="1" tag="856"><subfield code="u">http://www.elheraldo.com</subfield></datafield></record>